@inproceedings{colpaert2015intermodal,
  title={Intermodal public transit routing using Liked Connections},
  author={Colpaert, Pieter and Llaves, Alejandro and Verborgh, Ruben and Corcho, Oscar and Mannens, Erik and Van de Walle, Rik},
  booktitle={International Semantic Web Conference: Posters and Demos},
  pages={1--5},
  year={2015}
}

@article{world2014json,
  title={JSON-LD 1.0: a JSON-based serialization for linked data},
  author={World Wide Web Consortium and others},
  year={2014},
  publisher={World Wide Web Consortium}
}

@article{cyganiak2008n,
  title={N-quads: Extending n-triples with context},
  author={Cyganiak, Richard and Harth, Andreas and Hogan, Aidan},
  journal={W3C Recommendation},
  year={2008}
}

@article{bizer2014rdf,
  title={RDF 1.1 TriG. RDF Dataset Language},
  author={Bizer, C and Cyganiak, R},
  journal={W3C recommendation. W3C},
  volume={25},
  year={2014}
}

@inproceedings{dimou2014rml,
	title={RML: A Generic Language for Integrated RDF Mappings of Heterogeneous Data.},
	author={Dimou, Anastasia and Vander Sande, Miel and Colpaert, Pieter and Verborgh, Ruben and Mannens, Erik and Van de Walle, Rik},
	booktitle={LDOW},
	year={2014}
}

@article{das2012r2rml,
	title={R2RML: RDB to RDF Mapping Language, W3C Recommendation 27 September 2012},
	author={Das, Souripriya and Sundara, Seema and Cyganiak, Richard},
	journal={Cambridge, MA: World Wide Web Consortium (W3C)(www. w3. org/TR/r2rml)},
	year={2012}
}

@inproceedings{colpaert2017public,
	title={Public Transit Route Planning Through Lightweight Linked Data Interfaces},
	author={Colpaert, Pieter and Verborgh, Ruben and Mannens, Erik},
	booktitle={International Conference on Web Engineering},
	pages={403--411},
	year={2017},
	organization={Springer}
}

@article{tennison2015model,
	title={Model for tabular data and metadata on the web. W3C recommendation},
	author={Tennison, J and Kellogg, G and Herman, I},
	journal={World Wide Web Consortium (W3C)},
	year={2015}
}

@inproceedings{dibbelt2013intriguingly,
	title={Intriguingly simple and fast transit routing},
	author={Dibbelt, Julian and Pajor, Thomas and Strasser, Ben and Wagner, Dorothea},
	booktitle={International Symposium on Experimental Algorithms},
	pages={43--54},
	year={2013},
	organization={Springer}
}

@inproceedings{colpaert2016impact,
	title={The Impact of an Extra Feature on the Scalability of Linked Connections.},
	author={Colpaert, Pieter and Ballieu, Sander and Verborgh, Ruben and Mannens, Erik},
	booktitle={COLD@ ISWC},
	year={2016}
}

@inproceedings{ChavesFragaEtAl:DeSemWeb2017,
  title = {The tripscore {Linked Data} client: calculating specific summaries over large time series},
  author = {Chaves-Fraga, David and Rojas, Julian and Vandenberghe, Pieter-Jan and Colpaert, Pieter and Corcho, Oscar},
  booktitle = {Proceedings of the Workshop on Decentralizing the Semantic Web (DeSemWeb)},
  year = {2017}
}


@inproceedings{rojas2017providing,
  title={Providing reliable access to real-time and historic public transport data using linked v-connections},
  author={Rojas Melendez, Julian Andres and Chaves, David and Colpaert, Pieter and Verborgh, Ruben and Mannens, Erik},
  booktitle={ISWC2017, the 16e International Semantic Web Conference},
  volume={1931},
  pages={1--4},
  year={2017}
}

@article{bizer2009linked,
  title={Linked data-the story so far},
  author={Bizer, Christian and Heath, Tom and Berners-Lee, Tim},
  journal={International journal on semantic web and information systems},
  volume={5},
  number={3},
  pages={1--22},
  year={2009}
}

@article{van2010http,
  title={An HTTP-based versioning mechanism for linked data},
  author={Van de Sompel, Herbert and Sanderson, Robert and Nelson, Michael L and Balakireva, Lyudmila L and Shankar, Harihar and Ainsworth, Scott},
  journal={arXiv preprint arXiv:1003.3661},
  year={2010}
}

@article{heath2011linked,
	title={Linked data: Evolving the web into a global data space},
	author={Heath, Tom and Bizer, Christian},
	journal={Synthesis lectures on the semantic web: theory and technology},
	volume={1},
	number={1},
	pages={1--136},
	year={2011},
	publisher={Morgan \& Claypool Publishers}
}

@article{verborgh2016triple,
	title={Triple Pattern Fragments: a low-cost knowledge graph interface for the Web},
	author={Verborgh, Ruben and Vander Sande, Miel and Hartig, Olaf and Van Herwegen, Joachim and De Vocht, Laurens and De Meester, Ben and Haesendonck, Gerald and Colpaert, Pieter},
	journal={Web Semantics: Science, Services and Agents on the World Wide Web},
	volume={37},
	pages={184--206},
	year={2016},
	publisher={Elsevier}
}


@article{prud2006sparql,
	title={SPARQL query language for RDF},
	author={Prud, Eric and Seaborne, Andy and others},
	year={2006}
}

@article{buil2013federating,
	title={Federating queries in SPARQL 1.1: Syntax, semantics and evaluation},
	author={Buil-Aranda, Carlos and Arenas, Marcelo and Corcho, Oscar and Polleres, Axel},
	journal={Web Semantics: Science, Services and Agents on the World Wide Web},
	volume={18},
	number={1},
	pages={1--17},
	year={2013},
	publisher={Elsevier}
}

@article{fernandez2013binary,
	title={Binary RDF representation for publication and exchange (HDT)},
	author={Fern{\'a}ndez, Javier D and Mart{\'\i}nez-Prieto, Miguel A and Guti{\'e}rrez, Claudio and Polleres, Axel and Arias, Mario},
	journal={Web Semantics: Science, Services and Agents on the World Wide Web},
	volume={19},
	pages={22--41},
	year={2013},
	publisher={Elsevier}
}

@inproceedings{colpaert2016public,
	title={What public transit API logs tell us about travel flows},
	author={Colpaert, Pieter and Chua, Alvin and Verborgh, Ruben and Mannens, Erik and Van de Walle, Rik and Vande Moere, Andrew},
	booktitle={Proceedings of the 25th International Conference Companion on World Wide Web},
	pages={873--878},
	year={2016},
	organization={International World Wide Web Conferences Steering Committee}
}

@inproceedings{verborgh2014querying,
  title={Querying datasets on the web with high availability},
  author={Verborgh, Ruben and Hartig, Olaf and De Meester, Ben and Haesendonck, Gerald and De Vocht, Laurens and Vander Sande, Miel and Cyganiak, Richard and Colpaert, Pieter and Mannens, Erik and Van de Walle, Rik},
  booktitle={International Semantic Web Conference},
  pages={180--196},
  year={2014},
  organization={Springer}
}

@incollection{witt2015trip,
	title={Trip-based public transit routing},
	author={Witt, Sascha},
	booktitle={Algorithms-ESA 2015},
	pages={1025--1036},
	year={2015},
	publisher={Springer}
}

@article{delling2014round,
	title={Round-based public transit routing},
	author={Delling, Daniel and Pajor, Thomas and Werneck, Renato F},
	journal={Transportation Science},
	volume={49},
	number={3},
	pages={591--604},
	year={2014},
	publisher={INFORMS}
}

@inproceedings{bast2010fast,
	title={Fast routing in very large public transportation networks using transfer patterns},
	author={Bast, Hannah and Carlsson, Erik and Eigenwillig, Arno and Geisberger, Robert and Harrelson, Chris and Raychev, Veselin and Viger, Fabien},
	booktitle={European Symposium on Algorithms},
	pages={290--301},
	year={2010},
	organization={Springer}
}

@inproceedings{taelman2018comunica,
	title={Comunica: a Modular SPARQL Query Engine for the Web},
	author={Taelman, Ruben and  Van Herwegen, Joachim  and Vander Sande, Miel and Verborgh, Ruben},
	booktitle={International Semantic Web Conference},
	year={2018}
}


@inproceedings{verborgh2014web,
  title={Web-Scale Querying through Linked Data Fragments},
  author={Verborgh, Ruben and Vander Sande, Miel and Colpaert, Pieter and Coppens, Sam and Mannens, Erik and Van de Walle, Rik},
  booktitle={LDOW},
  year={2014},
  organization={Citeseer}
}

@inproceedings{strasser2014connection,
	title={Connection scan accelerated},
	author={Strasser, Ben and Wagner, Dorothea},
	booktitle={2014 Proceedings of the Sixteenth Workshop on Algorithm Engineering and Experiments (ALENEX)},
	pages={125--137},
	year={2014},
	organization={SIAM}
}


@article{lanthaler2013hydra,
	title={Hydra: A Vocabulary for Hypermedia-Driven Web APIs.},
	author={Lanthaler, Markus and G{\"u}tl, Christian},
	journal={LDOW},
	volume={996},
	year={2013}
}